%YAML 1.1
%TAG !u! tag:unity3d.com,2011:
--- !u!29 &1
OcclusionCullingSettings:
  m_ObjectHideFlags: 0
  serializedVersion: 2
  m_OcclusionBakeSettings:
    smallestOccluder: 5
    smallestHole: 0.25
    backfaceThreshold: 100
  m_SceneGUID: 00000000000000000000000000000000
  m_OcclusionCullingData: {fileID: 0}
--- !u!104 &2
RenderSettings:
  m_ObjectHideFlags: 0
  serializedVersion: 8
  m_Fog: 0
  m_FogColor: {r: 0.5, g: 0.5, b: 0.5, a: 1}
  m_FogMode: 3
  m_FogDensity: 0.01
  m_LinearFogStart: 0
  m_LinearFogEnd: 300
  m_AmbientSkyColor: {r: 0.212, g: 0.227, b: 0.259, a: 1}
  m_AmbientEquatorColor: {r: 0.114, g: 0.125, b: 0.133, a: 1}
  m_AmbientGroundColor: {r: 0.047, g: 0.043, b: 0.035, a: 1}
  m_AmbientIntensity: 1
  m_AmbientMode: 0
  m_SubtractiveShadowColor: {r: 0.42, g: 0.478, b: 0.627, a: 1}
  m_SkyboxMaterial: {fileID: 10304, guid: 0000000000000000f000000000000000, type: 0}
  m_HaloStrength: 0.5
  m_FlareStrength: 1
  m_FlareFadeSpeed: 3
  m_HaloTexture: {fileID: 0}
  m_SpotCookie: {fileID: 10001, guid: 0000000000000000e000000000000000, type: 0}
  m_DefaultReflectionMode: 0
  m_DefaultReflectionResolution: 128
  m_ReflectionBounces: 1
  m_ReflectionIntensity: 1
  m_CustomReflection: {fileID: 0}
  m_Sun: {fileID: 0}
  m_IndirectSpecularColor: {r: 0.44657868, g: 0.49641263, b: 0.57481706, a: 1}
--- !u!157 &3
LightmapSettings:
  m_ObjectHideFlags: 0
  serializedVersion: 11
  m_GIWorkflowMode: 0
  m_GISettings:
    serializedVersion: 2
    m_BounceScale: 1
    m_IndirectOutputScale: 1
    m_AlbedoBoost: 1
    m_TemporalCoherenceThreshold: 1
    m_EnvironmentLightingMode: 0
    m_EnableBakedLightmaps: 1
    m_EnableRealtimeLightmaps: 1
  m_LightmapEditorSettings:
    serializedVersion: 9
    m_Resolution: 2
    m_BakeResolution: 40
    m_TextureWidth: 1024
    m_TextureHeight: 1024
    m_AO: 0
    m_AOMaxDistance: 1
    m_CompAOExponent: 1
    m_CompAOExponentDirect: 0
    m_Padding: 2
    m_LightmapParameters: {fileID: 0}
    m_LightmapsBakeMode: 1
    m_TextureCompression: 1
    m_FinalGather: 0
    m_FinalGatherFiltering: 1
    m_FinalGatherRayCount: 256
    m_ReflectionCompression: 2
    m_MixedBakeMode: 2
    m_BakeBackend: 0
    m_PVRSampling: 1
    m_PVRDirectSampleCount: 32
    m_PVRSampleCount: 500
    m_PVRBounces: 2
    m_PVRFiltering: 0
    m_PVRFilteringMode: 1
    m_PVRCulling: 1
    m_PVRFilteringGaussRadiusDirect: 1
    m_PVRFilteringGaussRadiusIndirect: 5
    m_PVRFilteringGaussRadiusAO: 2
    m_PVRFilteringAtrousColorSigma: 1
    m_PVRFilteringAtrousNormalSigma: 1
    m_PVRFilteringAtrousPositionSigma: 1
  m_LightingDataAsset: {fileID: 0}
  m_UseShadowmask: 1
--- !u!196 &4
NavMeshSettings:
  serializedVersion: 2
  m_ObjectHideFlags: 0
  m_BuildSettings:
    serializedVersion: 2
    agentTypeID: 0
    agentRadius: 0.5
    agentHeight: 2
    agentSlope: 45
    agentClimb: 0.4
    ledgeDropHeight: 0
    maxJumpAcrossDistance: 0
    minRegionArea: 2
    manualCellSize: 0
    cellSize: 0.16666667
    manualTileSize: 0
    tileSize: 256
    accuratePlacement: 0
  m_NavMeshData: {fileID: 0}
--- !u!1 &154637974
GameObject:
  m_ObjectHideFlags: 0
  m_PrefabParentObject: {fileID: 0}
  m_PrefabInternal: {fileID: 0}
  serializedVersion: 5
  m_Component:
  - component: {fileID: 154637977}
  - component: {fileID: 154637976}
  - component: {fileID: 154637975}
  m_Layer: 0
  m_Name: EventSystem
  m_TagString: Untagged
  m_Icon: {fileID: 0}
  m_NavMeshLayer: 0
  m_StaticEditorFlags: 0
  m_IsActive: 1
--- !u!114 &154637975
MonoBehaviour:
  m_ObjectHideFlags: 0
  m_PrefabParentObject: {fileID: 0}
  m_PrefabInternal: {fileID: 0}
  m_GameObject: {fileID: 154637974}
  m_Enabled: 1
  m_EditorHideFlags: 0
  m_Script: {fileID: 1077351063, guid: f5f67c52d1564df4a8936ccd202a3bd8, type: 3}
  m_Name: 
  m_EditorClassIdentifier: 
  m_HorizontalAxis: Horizontal
  m_VerticalAxis: Vertical
  m_SubmitButton: Submit
  m_CancelButton: Cancel
  m_InputActionsPerSecond: 10
  m_RepeatDelay: 0.5
  m_ForceModuleActive: 0
--- !u!114 &154637976
MonoBehaviour:
  m_ObjectHideFlags: 0
  m_PrefabParentObject: {fileID: 0}
  m_PrefabInternal: {fileID: 0}
  m_GameObject: {fileID: 154637974}
  m_Enabled: 1
  m_EditorHideFlags: 0
  m_Script: {fileID: -619905303, guid: f5f67c52d1564df4a8936ccd202a3bd8, type: 3}
  m_Name: 
  m_EditorClassIdentifier: 
  m_FirstSelected: {fileID: 0}
  m_sendNavigationEvents: 1
  m_DragThreshold: 5
--- !u!4 &154637977
Transform:
  m_ObjectHideFlags: 0
  m_PrefabParentObject: {fileID: 0}
  m_PrefabInternal: {fileID: 0}
  m_GameObject: {fileID: 154637974}
  m_LocalRotation: {x: 0, y: 0, z: 0, w: 1}
  m_LocalPosition: {x: 0, y: 0, z: 0}
  m_LocalScale: {x: 1, y: 1, z: 1}
  m_Children: []
  m_Father: {fileID: 0}
  m_RootOrder: 5
  m_LocalEulerAnglesHint: {x: 0, y: 0, z: 0}
--- !u!1 &213662528
GameObject:
  m_ObjectHideFlags: 0
  m_PrefabParentObject: {fileID: 0}
  m_PrefabInternal: {fileID: 0}
  serializedVersion: 5
  m_Component:
  - component: {fileID: 213662533}
  - component: {fileID: 213662532}
  - component: {fileID: 213662531}
  - component: {fileID: 213662530}
  - component: {fileID: 213662529}
  - component: {fileID: 213662534}
  m_Layer: 0
  m_Name: Space
  m_TagString: Untagged
  m_Icon: {fileID: 0}
  m_NavMeshLayer: 0
  m_StaticEditorFlags: 0
  m_IsActive: 1
--- !u!95 &213662529
Animator:
  serializedVersion: 3
  m_ObjectHideFlags: 0
  m_PrefabParentObject: {fileID: 0}
  m_PrefabInternal: {fileID: 0}
  m_GameObject: {fileID: 213662528}
  m_Enabled: 1
  m_Avatar: {fileID: 0}
  m_Controller: {fileID: 9100000, guid: 766c50aadefc79b4daf00a3c44b32992, type: 2}
  m_CullingMode: 0
  m_UpdateMode: 0
  m_ApplyRootMotion: 0
  m_LinearVelocityBlending: 0
  m_WarningMessage: 
  m_HasTransformHierarchy: 1
  m_AllowConstantClipSamplingOptimization: 1
--- !u!23 &213662530
MeshRenderer:
  m_ObjectHideFlags: 0
  m_PrefabParentObject: {fileID: 0}
  m_PrefabInternal: {fileID: 0}
  m_GameObject: {fileID: 213662528}
  m_Enabled: 1
  m_CastShadows: 1
  m_ReceiveShadows: 1
  m_MotionVectors: 1
  m_LightProbeUsage: 1
  m_ReflectionProbeUsage: 1
  m_Materials:
  - {fileID: 2100000, guid: e3b64d2d7dbb01744ae49dc3c772357f, type: 2}
  m_StaticBatchInfo:
    firstSubMesh: 0
    subMeshCount: 0
  m_StaticBatchRoot: {fileID: 0}
  m_ProbeAnchor: {fileID: 0}
  m_LightProbeVolumeOverride: {fileID: 0}
  m_ScaleInLightmap: 1
  m_PreserveUVs: 1
  m_IgnoreNormalsForChartDetection: 0
  m_ImportantGI: 0
  m_SelectedEditorRenderState: 3
  m_MinimumChartSize: 4
  m_AutoUVMaxDistance: 0.5
  m_AutoUVMaxAngle: 89
  m_LightmapParameters: {fileID: 0}
  m_SortingLayerID: 0
  m_SortingLayer: 0
  m_SortingOrder: 0
--- !u!64 &213662531
MeshCollider:
  m_ObjectHideFlags: 0
  m_PrefabParentObject: {fileID: 0}
  m_PrefabInternal: {fileID: 0}
  m_GameObject: {fileID: 213662528}
  m_Material: {fileID: 0}
  m_IsTrigger: 0
  m_Enabled: 1
  serializedVersion: 2
  m_Convex: 0
  m_InflateMesh: 0
  m_SkinWidth: 0.01
  m_Mesh: {fileID: 10210, guid: 0000000000000000e000000000000000, type: 0}
--- !u!33 &213662532
MeshFilter:
  m_ObjectHideFlags: 0
  m_PrefabParentObject: {fileID: 0}
  m_PrefabInternal: {fileID: 0}
  m_GameObject: {fileID: 213662528}
  m_Mesh: {fileID: 10210, guid: 0000000000000000e000000000000000, type: 0}
--- !u!4 &213662533
Transform:
  m_ObjectHideFlags: 0
  m_PrefabParentObject: {fileID: 0}
  m_PrefabInternal: {fileID: 0}
  m_GameObject: {fileID: 213662528}
  m_LocalRotation: {x: 0, y: 0, z: 0, w: 1}
  m_LocalPosition: {x: 0, y: 0, z: 50}
  m_LocalScale: {x: 90, y: 90, z: 1}
  m_Children: []
  m_Father: {fileID: 0}
  m_RootOrder: 6
  m_LocalEulerAnglesHint: {x: 0, y: 0, z: 0}
--- !u!114 &213662534
MonoBehaviour:
  m_ObjectHideFlags: 0
  m_PrefabParentObject: {fileID: 0}
  m_PrefabInternal: {fileID: 0}
  m_GameObject: {fileID: 213662528}
  m_Enabled: 1
  m_EditorHideFlags: 0
  m_Script: {fileID: 11500000, guid: 9b12a51a3d84e9b449944f556063635f, type: 3}
  m_Name: 
  m_EditorClassIdentifier: 
  scrollSpeed: 2
--- !u!1001 &428963748
Prefab:
  m_ObjectHideFlags: 0
  serializedVersion: 2
  m_Modification:
    m_TransformParent: {fileID: 0}
    m_Modifications:
    - target: {fileID: 224553706268039978, guid: d91fbcadaa03c534a825c3551bd4bb9e,
        type: 2}
      propertyPath: m_LocalPosition.x
      value: 0
      objectReference: {fileID: 0}
    - target: {fileID: 224553706268039978, guid: d91fbcadaa03c534a825c3551bd4bb9e,
        type: 2}
      propertyPath: m_LocalPosition.y
      value: 0
      objectReference: {fileID: 0}
    - target: {fileID: 224553706268039978, guid: d91fbcadaa03c534a825c3551bd4bb9e,
        type: 2}
      propertyPath: m_LocalPosition.z
      value: 0
      objectReference: {fileID: 0}
    - target: {fileID: 224553706268039978, guid: d91fbcadaa03c534a825c3551bd4bb9e,
        type: 2}
      propertyPath: m_LocalRotation.x
      value: 0
      objectReference: {fileID: 0}
    - target: {fileID: 224553706268039978, guid: d91fbcadaa03c534a825c3551bd4bb9e,
        type: 2}
      propertyPath: m_LocalRotation.y
      value: 0
      objectReference: {fileID: 0}
    - target: {fileID: 224553706268039978, guid: d91fbcadaa03c534a825c3551bd4bb9e,
        type: 2}
      propertyPath: m_LocalRotation.z
      value: 0
      objectReference: {fileID: 0}
    - target: {fileID: 224553706268039978, guid: d91fbcadaa03c534a825c3551bd4bb9e,
        type: 2}
      propertyPath: m_LocalRotation.w
      value: 1
      objectReference: {fileID: 0}
    - target: {fileID: 224553706268039978, guid: d91fbcadaa03c534a825c3551bd4bb9e,
        type: 2}
      propertyPath: m_RootOrder
      value: 3
      objectReference: {fileID: 0}
    - target: {fileID: 224553706268039978, guid: d91fbcadaa03c534a825c3551bd4bb9e,
        type: 2}
      propertyPath: m_AnchoredPosition.x
      value: 0
      objectReference: {fileID: 0}
    - target: {fileID: 224553706268039978, guid: d91fbcadaa03c534a825c3551bd4bb9e,
        type: 2}
      propertyPath: m_AnchoredPosition.y
      value: 0
      objectReference: {fileID: 0}
    - target: {fileID: 224553706268039978, guid: d91fbcadaa03c534a825c3551bd4bb9e,
        type: 2}
      propertyPath: m_SizeDelta.x
      value: 0
      objectReference: {fileID: 0}
    - target: {fileID: 224553706268039978, guid: d91fbcadaa03c534a825c3551bd4bb9e,
        type: 2}
      propertyPath: m_SizeDelta.y
      value: 0
      objectReference: {fileID: 0}
    - target: {fileID: 224553706268039978, guid: d91fbcadaa03c534a825c3551bd4bb9e,
        type: 2}
      propertyPath: m_AnchorMin.x
      value: 0
      objectReference: {fileID: 0}
    - target: {fileID: 224553706268039978, guid: d91fbcadaa03c534a825c3551bd4bb9e,
        type: 2}
      propertyPath: m_AnchorMin.y
      value: 0
      objectReference: {fileID: 0}
    - target: {fileID: 224553706268039978, guid: d91fbcadaa03c534a825c3551bd4bb9e,
        type: 2}
      propertyPath: m_AnchorMax.x
      value: 0
      objectReference: {fileID: 0}
    - target: {fileID: 224553706268039978, guid: d91fbcadaa03c534a825c3551bd4bb9e,
        type: 2}
      propertyPath: m_AnchorMax.y
      value: 0
      objectReference: {fileID: 0}
    - target: {fileID: 224553706268039978, guid: d91fbcadaa03c534a825c3551bd4bb9e,
        type: 2}
      propertyPath: m_Pivot.x
      value: 0
      objectReference: {fileID: 0}
    - target: {fileID: 224553706268039978, guid: d91fbcadaa03c534a825c3551bd4bb9e,
        type: 2}
      propertyPath: m_Pivot.y
      value: 0
      objectReference: {fileID: 0}
    m_RemovedComponents: []
  m_ParentPrefab: {fileID: 100100000, guid: d91fbcadaa03c534a825c3551bd4bb9e, type: 2}
  m_IsPrefabParent: 0
--- !u!1001 &582148195
Prefab:
  m_ObjectHideFlags: 0
  serializedVersion: 2
  m_Modification:
    m_TransformParent: {fileID: 0}
    m_Modifications:
    - target: {fileID: 114961278503282642, guid: c03536a8e6f3c4942b9d90eac30ba931,
        type: 2}
      propertyPath: gamePhases.Array.size
      value: 3
      objectReference: {fileID: 0}
    - target: {fileID: 114961278503282642, guid: c03536a8e6f3c4942b9d90eac30ba931,
        type: 2}
      propertyPath: BossDialog.Array.size
      value: 5
      objectReference: {fileID: 0}
    - target: {fileID: 114961278503282642, guid: c03536a8e6f3c4942b9d90eac30ba931,
        type: 2}
      propertyPath: bossPhase.powerUpFrequency.Array.size
      value: 5
      objectReference: {fileID: 0}
    - target: {fileID: 114961278503282642, guid: c03536a8e6f3c4942b9d90eac30ba931,
        type: 2}
      propertyPath: bossPhase.phaseStartDialog.Array.size
      value: 5
      objectReference: {fileID: 0}
    - target: {fileID: 114961278503282642, guid: c03536a8e6f3c4942b9d90eac30ba931,
        type: 2}
      propertyPath: gamePhases.Array.data[0].prefabEnemies.Array.size
      value: 1
      objectReference: {fileID: 0}
    - target: {fileID: 114961278503282642, guid: c03536a8e6f3c4942b9d90eac30ba931,
        type: 2}
      propertyPath: gamePhases.Array.data[1].prefabEnemies.Array.size
      value: 5
      objectReference: {fileID: 0}
    - target: {fileID: 114961278503282642, guid: c03536a8e6f3c4942b9d90eac30ba931,
        type: 2}
      propertyPath: gamePhases.Array.data[2].prefabEnemies.Array.size
      value: 7
      objectReference: {fileID: 0}
    - target: {fileID: 114961278503282642, guid: c03536a8e6f3c4942b9d90eac30ba931,
        type: 2}
      propertyPath: gamePhases.Array.data[0].powerUpFrequency.Array.size
      value: 0
      objectReference: {fileID: 0}
    - target: {fileID: 114961278503282642, guid: c03536a8e6f3c4942b9d90eac30ba931,
        type: 2}
      propertyPath: gamePhases.Array.data[1].powerUpFrequency.Array.size
      value: 9
      objectReference: {fileID: 0}
    - target: {fileID: 114961278503282642, guid: c03536a8e6f3c4942b9d90eac30ba931,
        type: 2}
      propertyPath: gamePhases.Array.data[0].phaseStartDialog.Array.size
      value: 5
      objectReference: {fileID: 0}
    - target: {fileID: 114961278503282642, guid: c03536a8e6f3c4942b9d90eac30ba931,
        type: 2}
      propertyPath: gamePhases.Array.data[1].phaseStartDialog.Array.size
      value: 0
      objectReference: {fileID: 0}
    - target: {fileID: 114961278503282642, guid: c03536a8e6f3c4942b9d90eac30ba931,
        type: 2}
      propertyPath: gamePhases.Array.data[2].powerUpFrequency.Array.size
      value: 9
      objectReference: {fileID: 0}
    - target: {fileID: 4024562887650478, guid: c03536a8e6f3c4942b9d90eac30ba931, type: 2}
      propertyPath: m_LocalPosition.x
      value: 0
      objectReference: {fileID: 0}
    - target: {fileID: 4024562887650478, guid: c03536a8e6f3c4942b9d90eac30ba931, type: 2}
      propertyPath: m_LocalPosition.y
      value: 0
      objectReference: {fileID: 0}
    - target: {fileID: 4024562887650478, guid: c03536a8e6f3c4942b9d90eac30ba931, type: 2}
      propertyPath: m_LocalPosition.z
      value: 25
      objectReference: {fileID: 0}
    - target: {fileID: 4024562887650478, guid: c03536a8e6f3c4942b9d90eac30ba931, type: 2}
      propertyPath: m_LocalRotation.x
      value: 0
      objectReference: {fileID: 0}
    - target: {fileID: 4024562887650478, guid: c03536a8e6f3c4942b9d90eac30ba931, type: 2}
      propertyPath: m_LocalRotation.y
      value: 0
      objectReference: {fileID: 0}
    - target: {fileID: 4024562887650478, guid: c03536a8e6f3c4942b9d90eac30ba931, type: 2}
      propertyPath: m_LocalRotation.z
      value: 0
      objectReference: {fileID: 0}
    - target: {fileID: 4024562887650478, guid: c03536a8e6f3c4942b9d90eac30ba931, type: 2}
      propertyPath: m_LocalRotation.w
      value: 1
      objectReference: {fileID: 0}
    - target: {fileID: 4024562887650478, guid: c03536a8e6f3c4942b9d90eac30ba931, type: 2}
      propertyPath: m_RootOrder
      value: 2
      objectReference: {fileID: 0}
    - target: {fileID: 114961278503282642, guid: c03536a8e6f3c4942b9d90eac30ba931,
        type: 2}
      propertyPath: BossPrefab
      value: 
      objectReference: {fileID: 1637608782867430, guid: ea0f61dc20fb4174da528722ab912874,
        type: 2}
    - target: {fileID: 114961278503282642, guid: c03536a8e6f3c4942b9d90eac30ba931,
        type: 2}
      propertyPath: gamePhases.Array.data[0].phaseDuration
      value: 20
      objectReference: {fileID: 0}
    - target: {fileID: 114961278503282642, guid: c03536a8e6f3c4942b9d90eac30ba931,
        type: 2}
      propertyPath: gamePhases.Array.data[1].phaseDuration
      value: 30
      objectReference: {fileID: 0}
    - target: {fileID: 114961278503282642, guid: c03536a8e6f3c4942b9d90eac30ba931,
        type: 2}
      propertyPath: gamePhases.Array.data[0].prefabEnemies.Array.data[0]
      value: 
      objectReference: {fileID: 1473926864567162, guid: b14bd7219047dd942ab23e1c15e88279,
        type: 2}
    - target: {fileID: 114961278503282642, guid: c03536a8e6f3c4942b9d90eac30ba931,
        type: 2}
      propertyPath: gamePhases.Array.data[0].prefabEnemies.Array.data[1]
      value: 
      objectReference: {fileID: 1473926864567162, guid: b14bd7219047dd942ab23e1c15e88279,
        type: 2}
    - target: {fileID: 114961278503282642, guid: c03536a8e6f3c4942b9d90eac30ba931,
        type: 2}
      propertyPath: gamePhases.Array.data[0].prefabEnemies.Array.data[2]
      value: 
      objectReference: {fileID: 1473926864567162, guid: b14bd7219047dd942ab23e1c15e88279,
        type: 2}
    - target: {fileID: 114961278503282642, guid: c03536a8e6f3c4942b9d90eac30ba931,
        type: 2}
      propertyPath: gamePhases.Array.data[0].prefabEnemies.Array.data[3]
      value: 
      objectReference: {fileID: 1789666886104318, guid: a863091cd492e2b43be66dc51172450a,
        type: 2}
    - target: {fileID: 114961278503282642, guid: c03536a8e6f3c4942b9d90eac30ba931,
        type: 2}
      propertyPath: gamePhases.Array.data[0].prefabEnemies.Array.data[4]
      value: 
      objectReference: {fileID: 1016077476113522, guid: 11c7e8bfcf1e1a54b8862aee39ca2329,
        type: 2}
    - target: {fileID: 114961278503282642, guid: c03536a8e6f3c4942b9d90eac30ba931,
        type: 2}
      propertyPath: gamePhases.Array.data[0].prefabEnemies.Array.data[5]
      value: 
      objectReference: {fileID: 1016077476113522, guid: 11c7e8bfcf1e1a54b8862aee39ca2329,
        type: 2}
    - target: {fileID: 114961278503282642, guid: c03536a8e6f3c4942b9d90eac30ba931,
        type: 2}
      propertyPath: gamePhases.Array.data[0].prefabEnemies.Array.data[6]
      value: 
      objectReference: {fileID: 1016077476113522, guid: 11c7e8bfcf1e1a54b8862aee39ca2329,
        type: 2}
    - target: {fileID: 114961278503282642, guid: c03536a8e6f3c4942b9d90eac30ba931,
        type: 2}
      propertyPath: gamePhases.Array.data[1].prefabEnemies.Array.data[0]
      value: 
      objectReference: {fileID: 1473926864567162, guid: b14bd7219047dd942ab23e1c15e88279,
        type: 2}
    - target: {fileID: 114961278503282642, guid: c03536a8e6f3c4942b9d90eac30ba931,
        type: 2}
      propertyPath: gamePhases.Array.data[1].prefabEnemies.Array.data[1]
      value: 
      objectReference: {fileID: 1473926864567162, guid: b14bd7219047dd942ab23e1c15e88279,
        type: 2}
    - target: {fileID: 114961278503282642, guid: c03536a8e6f3c4942b9d90eac30ba931,
        type: 2}
      propertyPath: gamePhases.Array.data[1].prefabEnemies.Array.data[2]
      value: 
      objectReference: {fileID: 1473926864567162, guid: b14bd7219047dd942ab23e1c15e88279,
        type: 2}
    - target: {fileID: 114961278503282642, guid: c03536a8e6f3c4942b9d90eac30ba931,
        type: 2}
      propertyPath: gamePhases.Array.data[1].prefabEnemies.Array.data[3]
      value: 
      objectReference: {fileID: 1789666886104318, guid: a863091cd492e2b43be66dc51172450a,
        type: 2}
    - target: {fileID: 114961278503282642, guid: c03536a8e6f3c4942b9d90eac30ba931,
        type: 2}
      propertyPath: gamePhases.Array.data[1].prefabEnemies.Array.data[4]
      value: 
      objectReference: {fileID: 1016077476113522, guid: 11c7e8bfcf1e1a54b8862aee39ca2329,
        type: 2}
    - target: {fileID: 114961278503282642, guid: c03536a8e6f3c4942b9d90eac30ba931,
        type: 2}
      propertyPath: gamePhases.Array.data[0].enemySpawnPadding
      value: 1.5
      objectReference: {fileID: 0}
    - target: {fileID: 114961278503282642, guid: c03536a8e6f3c4942b9d90eac30ba931,
        type: 2}
      propertyPath: gamePhases.Array.data[1].enemySpawnPadding
      value: 1.5
      objectReference: {fileID: 0}
    - target: {fileID: 114961278503282642, guid: c03536a8e6f3c4942b9d90eac30ba931,
        type: 2}
      propertyPath: gamePhases.Array.data[0].enemySpawnPerSecond
      value: 0.5
      objectReference: {fileID: 0}
    - target: {fileID: 114961278503282642, guid: c03536a8e6f3c4942b9d90eac30ba931,
        type: 2}
      propertyPath: gamePhases.Array.data[1].enemySpawnPerSecond
      value: 1
      objectReference: {fileID: 0}
    - target: {fileID: 1648480569595846, guid: c03536a8e6f3c4942b9d90eac30ba931, type: 2}
      propertyPath: m_IsActive
      value: 1
      objectReference: {fileID: 0}
    - target: {fileID: 114961278503282642, guid: c03536a8e6f3c4942b9d90eac30ba931,
        type: 2}
      propertyPath: gamePhases.Array.data[0].powerUpFrequency.Array.data[0]
      value: 1
      objectReference: {fileID: 0}
    - target: {fileID: 114961278503282642, guid: c03536a8e6f3c4942b9d90eac30ba931,
        type: 2}
      propertyPath: gamePhases.Array.data[0].powerUpFrequency.Array.data[1]
      value: 2
      objectReference: {fileID: 0}
    - target: {fileID: 114961278503282642, guid: c03536a8e6f3c4942b9d90eac30ba931,
        type: 2}
      propertyPath: gamePhases.Array.data[0].powerUpFrequency.Array.data[2]
      value: 3
      objectReference: {fileID: 0}
    - target: {fileID: 114961278503282642, guid: c03536a8e6f3c4942b9d90eac30ba931,
        type: 2}
      propertyPath: gamePhases.Array.data[0].powerUpFrequency.Array.data[3]
      value: 4
      objectReference: {fileID: 0}
    - target: {fileID: 114961278503282642, guid: c03536a8e6f3c4942b9d90eac30ba931,
        type: 2}
      propertyPath: gamePhases.Array.data[0].powerUpFrequency.Array.data[4]
      value: 4
      objectReference: {fileID: 0}
    - target: {fileID: 114961278503282642, guid: c03536a8e6f3c4942b9d90eac30ba931,
        type: 2}
      propertyPath: nextScene
      value: Stage2
      objectReference: {fileID: 0}
    - target: {fileID: 114961278503282642, guid: c03536a8e6f3c4942b9d90eac30ba931,
        type: 2}
      propertyPath: bossPhase.powerUpFrequency.Array.data[0]
      value: 4
      objectReference: {fileID: 0}
    - target: {fileID: 114961278503282642, guid: c03536a8e6f3c4942b9d90eac30ba931,
        type: 2}
      propertyPath: bossPhase.powerUpFrequency.Array.data[1]
      value: 1
      objectReference: {fileID: 0}
    - target: {fileID: 114961278503282642, guid: c03536a8e6f3c4942b9d90eac30ba931,
        type: 2}
      propertyPath: BossDialog.Array.data[0].character
      value: 1
      objectReference: {fileID: 0}
    - target: {fileID: 114961278503282642, guid: c03536a8e6f3c4942b9d90eac30ba931,
        type: 2}
      propertyPath: BossDialog.Array.data[1].character
      value: 1
      objectReference: {fileID: 0}
    - target: {fileID: 114961278503282642, guid: c03536a8e6f3c4942b9d90eac30ba931,
        type: 2}
      propertyPath: BossDialog.Array.data[2].character
      value: 1
      objectReference: {fileID: 0}
    - target: {fileID: 114961278503282642, guid: c03536a8e6f3c4942b9d90eac30ba931,
        type: 2}
      propertyPath: BossDialog.Array.data[3].character
      value: 1
      objectReference: {fileID: 0}
    - target: {fileID: 114961278503282642, guid: c03536a8e6f3c4942b9d90eac30ba931,
        type: 2}
      propertyPath: BossDialog.Array.data[4].character
      value: 1
      objectReference: {fileID: 0}
    - target: {fileID: 114961278503282642, guid: c03536a8e6f3c4942b9d90eac30ba931,
        type: 2}
      propertyPath: BossDialog.Array.data[0].dialog
      value: 'Hey, you must be the one

        blasting up all our drone

        ships!'
      objectReference: {fileID: 0}
    - target: {fileID: 114961278503282642, guid: c03536a8e6f3c4942b9d90eac30ba931,
        type: 2}
      propertyPath: BossDialog.Array.data[0].holdTime
      value: 4
      objectReference: {fileID: 0}
    - target: {fileID: 114961278503282642, guid: c03536a8e6f3c4942b9d90eac30ba931,
        type: 2}
      propertyPath: BossDialog.Array.data[1].holdTime
      value: 2
      objectReference: {fileID: 0}
    - target: {fileID: 114961278503282642, guid: c03536a8e6f3c4942b9d90eac30ba931,
        type: 2}
      propertyPath: BossDialog.Array.data[2].holdTime
      value: 4
      objectReference: {fileID: 0}
    - target: {fileID: 114961278503282642, guid: c03536a8e6f3c4942b9d90eac30ba931,
        type: 2}
      propertyPath: BossDialog.Array.data[3].holdTime
      value: 2
      objectReference: {fileID: 0}
    - target: {fileID: 114961278503282642, guid: c03536a8e6f3c4942b9d90eac30ba931,
        type: 2}
      propertyPath: BossDialog.Array.data[4].holdTime
      value: 3
      objectReference: {fileID: 0}
    - target: {fileID: 114961278503282642, guid: c03536a8e6f3c4942b9d90eac30ba931,
        type: 2}
      propertyPath: BossDialog.Array.data[1].dialog
      value: I ain't usually a snitch, but...
      objectReference: {fileID: 0}
    - target: {fileID: 114961278503282642, guid: c03536a8e6f3c4942b9d90eac30ba931,
        type: 2}
      propertyPath: BossDialog.Array.data[2].dialog
      value: 'I bet the boss will reward me

        pretty nicely if I take you out.'
      objectReference: {fileID: 0}
    - target: {fileID: 114961278503282642, guid: c03536a8e6f3c4942b9d90eac30ba931,
        type: 2}
      propertyPath: BossDialog.Array.data[3].dialog
      value: Get ready, bub...
      objectReference: {fileID: 0}
    - target: {fileID: 114961278503282642, guid: c03536a8e6f3c4942b9d90eac30ba931,
        type: 2}
      propertyPath: BossDialog.Array.data[4].dialog
      value: 'Prepare to feel the

        wrath of my Quad-Claw

        Grapple Fighter!'
      objectReference: {fileID: 0}
    - target: {fileID: 114961278503282642, guid: c03536a8e6f3c4942b9d90eac30ba931,
        type: 2}
      propertyPath: gamePhases.Array.data[1].powerUpFrequency.Array.data[0]
      value: 1
      objectReference: {fileID: 0}
    - target: {fileID: 114961278503282642, guid: c03536a8e6f3c4942b9d90eac30ba931,
        type: 2}
      propertyPath: gamePhases.Array.data[1].powerUpFrequency.Array.data[1]
      value: 2
      objectReference: {fileID: 0}
    - target: {fileID: 114961278503282642, guid: c03536a8e6f3c4942b9d90eac30ba931,
        type: 2}
      propertyPath: gamePhases.Array.data[1].powerUpFrequency.Array.data[2]
      value: 2
      objectReference: {fileID: 0}
    - target: {fileID: 114961278503282642, guid: c03536a8e6f3c4942b9d90eac30ba931,
        type: 2}
      propertyPath: gamePhases.Array.data[1].powerUpFrequency.Array.data[3]
      value: 2
      objectReference: {fileID: 0}
    - target: {fileID: 114961278503282642, guid: c03536a8e6f3c4942b9d90eac30ba931,
        type: 2}
      propertyPath: gamePhases.Array.data[1].powerUpFrequency.Array.data[4]
      value: 3
      objectReference: {fileID: 0}
    - target: {fileID: 114961278503282642, guid: c03536a8e6f3c4942b9d90eac30ba931,
        type: 2}
      propertyPath: gamePhases.Array.data[1].powerUpFrequency.Array.data[5]
      value: 3
      objectReference: {fileID: 0}
    - target: {fileID: 114961278503282642, guid: c03536a8e6f3c4942b9d90eac30ba931,
        type: 2}
      propertyPath: gamePhases.Array.data[1].powerUpFrequency.Array.data[6]
      value: 3
      objectReference: {fileID: 0}
    - target: {fileID: 114961278503282642, guid: c03536a8e6f3c4942b9d90eac30ba931,
        type: 2}
      propertyPath: bossPhase.phaseStartDialog.Array.data[0].dialog
      value: 'Hey, you must be the one

        blasting up all our drone

        ships!'
      objectReference: {fileID: 0}
    - target: {fileID: 114961278503282642, guid: c03536a8e6f3c4942b9d90eac30ba931,
        type: 2}
      propertyPath: bossPhase.phaseStartDialog.Array.data[0].holdTime
      value: 4
      objectReference: {fileID: 0}
    - target: {fileID: 114961278503282642, guid: c03536a8e6f3c4942b9d90eac30ba931,
        type: 2}
      propertyPath: bossPhase.phaseStartDialog.Array.data[1].holdTime
      value: 2
      objectReference: {fileID: 0}
    - target: {fileID: 114961278503282642, guid: c03536a8e6f3c4942b9d90eac30ba931,
        type: 2}
      propertyPath: bossPhase.phaseStartDialog.Array.data[2].holdTime
      value: 4
      objectReference: {fileID: 0}
    - target: {fileID: 114961278503282642, guid: c03536a8e6f3c4942b9d90eac30ba931,
        type: 2}
      propertyPath: bossPhase.phaseStartDialog.Array.data[3].holdTime
      value: 2
      objectReference: {fileID: 0}
    - target: {fileID: 114961278503282642, guid: c03536a8e6f3c4942b9d90eac30ba931,
        type: 2}
      propertyPath: bossPhase.phaseStartDialog.Array.data[4].holdTime
      value: 3
      objectReference: {fileID: 0}
    - target: {fileID: 114961278503282642, guid: c03536a8e6f3c4942b9d90eac30ba931,
        type: 2}
      propertyPath: bossPhase.phaseStartDialog.Array.data[0].character
      value: 1
      objectReference: {fileID: 0}
    - target: {fileID: 114961278503282642, guid: c03536a8e6f3c4942b9d90eac30ba931,
        type: 2}
      propertyPath: bossPhase.phaseStartDialog.Array.data[1].character
      value: 1
      objectReference: {fileID: 0}
    - target: {fileID: 114961278503282642, guid: c03536a8e6f3c4942b9d90eac30ba931,
        type: 2}
      propertyPath: bossPhase.phaseStartDialog.Array.data[2].character
      value: 1
      objectReference: {fileID: 0}
    - target: {fileID: 114961278503282642, guid: c03536a8e6f3c4942b9d90eac30ba931,
        type: 2}
      propertyPath: bossPhase.phaseStartDialog.Array.data[3].character
      value: 1
      objectReference: {fileID: 0}
    - target: {fileID: 114961278503282642, guid: c03536a8e6f3c4942b9d90eac30ba931,
        type: 2}
      propertyPath: bossPhase.phaseStartDialog.Array.data[4].character
      value: 1
      objectReference: {fileID: 0}
    - target: {fileID: 114961278503282642, guid: c03536a8e6f3c4942b9d90eac30ba931,
        type: 2}
      propertyPath: bossPhase.phaseStartDialog.Array.data[1].dialog
      value: I ain't usually a snitch, but...
      objectReference: {fileID: 0}
    - target: {fileID: 114961278503282642, guid: c03536a8e6f3c4942b9d90eac30ba931,
        type: 2}
      propertyPath: bossPhase.phaseStartDialog.Array.data[2].dialog
      value: 'I bet the boss will reward

        me pretty nicely if I take

        you out.'
      objectReference: {fileID: 0}
    - target: {fileID: 114961278503282642, guid: c03536a8e6f3c4942b9d90eac30ba931,
        type: 2}
      propertyPath: bossPhase.phaseStartDialog.Array.data[3].dialog
      value: Get ready, bub...
      objectReference: {fileID: 0}
    - target: {fileID: 114961278503282642, guid: c03536a8e6f3c4942b9d90eac30ba931,
        type: 2}
      propertyPath: bossPhase.phaseStartDialog.Array.data[4].dialog
      value: 'Prepare to feel the

        wrath of my Quad-Claw

        Grapple Fighter!'
      objectReference: {fileID: 0}
    - target: {fileID: 114961278503282642, guid: c03536a8e6f3c4942b9d90eac30ba931,
        type: 2}
      propertyPath: gamePhases.Array.data[0].phaseStartDialog.Array.data[0].dialog
      value: 'Well, if it isn''t our new pilot!

        Welcome to the job, rookie!'
      objectReference: {fileID: 0}
    - target: {fileID: 114961278503282642, guid: c03536a8e6f3c4942b9d90eac30ba931,
        type: 2}
      propertyPath: gamePhases.Array.data[0].phaseStartDialog.Array.data[0].holdTime
      value: 4
      objectReference: {fileID: 0}
    - target: {fileID: 114961278503282642, guid: c03536a8e6f3c4942b9d90eac30ba931,
        type: 2}
      propertyPath: gamePhases.Array.data[1].phaseStartDialog.Array.data[0].holdTime
      value: 5
      objectReference: {fileID: 0}
    - target: {fileID: 114961278503282642, guid: c03536a8e6f3c4942b9d90eac30ba931,
        type: 2}
      propertyPath: gamePhases.Array.data[1].phaseStartDialog.Array.data[0].dialog
      value: AssPain Down
      objectReference: {fileID: 0}
    - target: {fileID: 114961278503282642, guid: c03536a8e6f3c4942b9d90eac30ba931,
        type: 2}
      propertyPath: stageMusic
      value: 
      objectReference: {fileID: 8300000, guid: c65414f3491a89841adb84903780c66f, type: 3}
    - target: {fileID: 114961278503282642, guid: c03536a8e6f3c4942b9d90eac30ba931,
        type: 2}
      propertyPath: BossMusic
      value: 
      objectReference: {fileID: 8300000, guid: bdd1d0de843972c4f8015fc1ae7326b8, type: 3}
    - target: {fileID: 114961278503282642, guid: c03536a8e6f3c4942b9d90eac30ba931,
        type: 2}
      propertyPath: gamePhases.Array.data[0].phaseStartDialog.Array.data[1].dialog
      value: 'Use the WASD or Arrow

        Keys to steer your ship.

        Press Space or K to fire.'
      objectReference: {fileID: 0}
    - target: {fileID: 114961278503282642, guid: c03536a8e6f3c4942b9d90eac30ba931,
        type: 2}
      propertyPath: gamePhases.Array.data[0].phaseStartDialog.Array.data[1].holdTime
      value: 5
      objectReference: {fileID: 0}
    - target: {fileID: 114961278503282642, guid: c03536a8e6f3c4942b9d90eac30ba931,
        type: 2}
      propertyPath: gamePhases.Array.data[0].phaseStartDialog.Array.data[2].dialog
      value: 'You probably already

        learned that in flight

        school, but whatever.'
      objectReference: {fileID: 0}
    - target: {fileID: 114961278503282642, guid: c03536a8e6f3c4942b9d90eac30ba931,
        type: 2}
      propertyPath: gamePhases.Array.data[0].phaseStartDialog.Array.data[2].holdTime
      value: 4
      objectReference: {fileID: 0}
    - target: {fileID: 114961278503282642, guid: c03536a8e6f3c4942b9d90eac30ba931,
        type: 2}
      propertyPath: gamePhases.Array.data[0].phaseStartDialog.Array.data[3].dialog
      value: 'Anyway, you''ve probably

        already spotted some

        hostile spacecraft.'
      objectReference: {fileID: 0}
    - target: {fileID: 114961278503282642, guid: c03536a8e6f3c4942b9d90eac30ba931,
        type: 2}
      propertyPath: gamePhases.Array.data[0].phaseStartDialog.Array.data[3].holdTime
      value: 4
      objectReference: {fileID: 0}
    - target: {fileID: 114961278503282642, guid: c03536a8e6f3c4942b9d90eac30ba931,
        type: 2}
      propertyPath: gamePhases.Array.data[0].phaseStartDialog.Array.data[4].dialog
      value: 'Take them out, rookie!

        We''re counting on you!'
      objectReference: {fileID: 0}
    - target: {fileID: 114961278503282642, guid: c03536a8e6f3c4942b9d90eac30ba931,
        type: 2}
      propertyPath: gamePhases.Array.data[0].phaseStartDialog.Array.data[4].holdTime
      value: 4
      objectReference: {fileID: 0}
    - target: {fileID: 114961278503282642, guid: c03536a8e6f3c4942b9d90eac30ba931,
        type: 2}
      propertyPath: gamePhases.Array.data[0].phaseStartDialog.Array.data[5].dialog
      value: 'Anyway, you''ve probably

        already spotted some

        hostile spacecraft.'
      objectReference: {fileID: 0}
    - target: {fileID: 114961278503282642, guid: c03536a8e6f3c4942b9d90eac30ba931,
        type: 2}
      propertyPath: gamePhases.Array.data[0].phaseStartDialog.Array.data[5].holdTime
      value: 4
      objectReference: {fileID: 0}
    - target: {fileID: 114961278503282642, guid: c03536a8e6f3c4942b9d90eac30ba931,
        type: 2}
      propertyPath: gamePhases.Array.data[0].phaseStartDialog.Array.data[4].portraitNumber
      value: 1
      objectReference: {fileID: 0}
    - target: {fileID: 114961278503282642, guid: c03536a8e6f3c4942b9d90eac30ba931,
        type: 2}
      propertyPath: gamePhases.Array.data[1].powerUpFrequency.Array.data[7]
      value: 4
      objectReference: {fileID: 0}
    - target: {fileID: 114961278503282642, guid: c03536a8e6f3c4942b9d90eac30ba931,
        type: 2}
      propertyPath: gamePhases.Array.data[1].powerUpFrequency.Array.data[8]
      value: 4
      objectReference: {fileID: 0}
    - target: {fileID: 114961278503282642, guid: c03536a8e6f3c4942b9d90eac30ba931,
        type: 2}
      propertyPath: gamePhases.Array.data[1].powerUpFrequency.Array.data[9]
      value: 4
      objectReference: {fileID: 0}
    - target: {fileID: 114961278503282642, guid: c03536a8e6f3c4942b9d90eac30ba931,
        type: 2}
      propertyPath: gamePhases.Array.data[2].phaseDuration
      value: 20
      objectReference: {fileID: 0}
    - target: {fileID: 114961278503282642, guid: c03536a8e6f3c4942b9d90eac30ba931,
        type: 2}
      propertyPath: gamePhases.Array.data[2].prefabEnemies.Array.data[0]
      value: 
      objectReference: {fileID: 1473926864567162, guid: b14bd7219047dd942ab23e1c15e88279,
        type: 2}
    - target: {fileID: 114961278503282642, guid: c03536a8e6f3c4942b9d90eac30ba931,
        type: 2}
      propertyPath: gamePhases.Array.data[2].prefabEnemies.Array.data[1]
      value: 
      objectReference: {fileID: 1473926864567162, guid: b14bd7219047dd942ab23e1c15e88279,
        type: 2}
    - target: {fileID: 114961278503282642, guid: c03536a8e6f3c4942b9d90eac30ba931,
        type: 2}
      propertyPath: gamePhases.Array.data[2].prefabEnemies.Array.data[2]
      value: 
      objectReference: {fileID: 1789666886104318, guid: a863091cd492e2b43be66dc51172450a,
        type: 2}
    - target: {fileID: 114961278503282642, guid: c03536a8e6f3c4942b9d90eac30ba931,
        type: 2}
      propertyPath: gamePhases.Array.data[2].prefabEnemies.Array.data[3]
      value: 
      objectReference: {fileID: 1016077476113522, guid: 11c7e8bfcf1e1a54b8862aee39ca2329,
        type: 2}
    - target: {fileID: 114961278503282642, guid: c03536a8e6f3c4942b9d90eac30ba931,
        type: 2}
      propertyPath: gamePhases.Array.data[2].prefabEnemies.Array.data[4]
      value: 
      objectReference: {fileID: 1016077476113522, guid: 11c7e8bfcf1e1a54b8862aee39ca2329,
        type: 2}
    - target: {fileID: 114961278503282642, guid: c03536a8e6f3c4942b9d90eac30ba931,
        type: 2}
      propertyPath: gamePhases.Array.data[2].enemySpawnPerSecond
      value: 2
      objectReference: {fileID: 0}
    - target: {fileID: 114961278503282642, guid: c03536a8e6f3c4942b9d90eac30ba931,
        type: 2}
      propertyPath: gamePhases.Array.data[2].enemySpawnPadding
      value: 1.5
      objectReference: {fileID: 0}
    - target: {fileID: 114961278503282642, guid: c03536a8e6f3c4942b9d90eac30ba931,
        type: 2}
      propertyPath: gamePhases.Array.data[2].powerUpFrequency.Array.data[0]
      value: 1
      objectReference: {fileID: 0}
    - target: {fileID: 114961278503282642, guid: c03536a8e6f3c4942b9d90eac30ba931,
        type: 2}
      propertyPath: gamePhases.Array.data[2].powerUpFrequency.Array.data[1]
      value: 2
      objectReference: {fileID: 0}
    - target: {fileID: 114961278503282642, guid: c03536a8e6f3c4942b9d90eac30ba931,
        type: 2}
      propertyPath: gamePhases.Array.data[2].powerUpFrequency.Array.data[2]
      value: 2
      objectReference: {fileID: 0}
    - target: {fileID: 114961278503282642, guid: c03536a8e6f3c4942b9d90eac30ba931,
        type: 2}
      propertyPath: gamePhases.Array.data[2].powerUpFrequency.Array.data[3]
      value: 2
      objectReference: {fileID: 0}
    - target: {fileID: 114961278503282642, guid: c03536a8e6f3c4942b9d90eac30ba931,
        type: 2}
      propertyPath: gamePhases.Array.data[2].powerUpFrequency.Array.data[4]
      value: 2
      objectReference: {fileID: 0}
    - target: {fileID: 114961278503282642, guid: c03536a8e6f3c4942b9d90eac30ba931,
        type: 2}
      propertyPath: gamePhases.Array.data[2].powerUpFrequency.Array.data[5]
      value: 3
      objectReference: {fileID: 0}
    - target: {fileID: 114961278503282642, guid: c03536a8e6f3c4942b9d90eac30ba931,
        type: 2}
      propertyPath: gamePhases.Array.data[2].powerUpFrequency.Array.data[6]
      value: 3
      objectReference: {fileID: 0}
    - target: {fileID: 114961278503282642, guid: c03536a8e6f3c4942b9d90eac30ba931,
        type: 2}
      propertyPath: gamePhases.Array.data[2].powerUpFrequency.Array.data[7]
      value: 4
      objectReference: {fileID: 0}
    - target: {fileID: 114961278503282642, guid: c03536a8e6f3c4942b9d90eac30ba931,
        type: 2}
      propertyPath: gamePhases.Array.data[2].powerUpFrequency.Array.data[8]
      value: 4
      objectReference: {fileID: 0}
    - target: {fileID: 114961278503282642, guid: c03536a8e6f3c4942b9d90eac30ba931,
        type: 2}
      propertyPath: gamePhases.Array.data[2].powerUpFrequency.Array.data[9]
      value: 4
      objectReference: {fileID: 0}
    - target: {fileID: 114961278503282642, guid: c03536a8e6f3c4942b9d90eac30ba931,
        type: 2}
      propertyPath: gamePhases.Array.data[2].prefabEnemies.Array.data[5]
      value: 
      objectReference: {fileID: 1016077476113522, guid: 11c7e8bfcf1e1a54b8862aee39ca2329,
        type: 2}
    - target: {fileID: 114961278503282642, guid: c03536a8e6f3c4942b9d90eac30ba931,
        type: 2}
      propertyPath: gamePhases.Array.data[2].prefabEnemies.Array.data[6]
      value: 
      objectReference: {fileID: 1792483655701170, guid: c4756b60015cdac4182bd0f8617fd66e,
        type: 2}
    m_RemovedComponents: []
  m_ParentPrefab: {fileID: 100100000, guid: c03536a8e6f3c4942b9d90eac30ba931, type: 2}
  m_IsPrefabParent: 0
--- !u!1 &677966913
GameObject:
  m_ObjectHideFlags: 0
  m_PrefabParentObject: {fileID: 0}
  m_PrefabInternal: {fileID: 0}
  serializedVersion: 5
  m_Component:
  - component: {fileID: 677966915}
  - component: {fileID: 677966914}
  m_Layer: 0
  m_Name: Directional Light
  m_TagString: Untagged
  m_Icon: {fileID: 0}
  m_NavMeshLayer: 0
  m_StaticEditorFlags: 0
  m_IsActive: 1
--- !u!108 &677966914
Light:
  m_ObjectHideFlags: 0
  m_PrefabParentObject: {fileID: 0}
  m_PrefabInternal: {fileID: 0}
  m_GameObject: {fileID: 677966913}
  m_Enabled: 1
  serializedVersion: 8
  m_Type: 1
  m_Color: {r: 1, g: 0.95686275, b: 0.8392157, a: 1}
  m_Intensity: 1
  m_Range: 10
  m_SpotAngle: 30
  m_CookieSize: 10
  m_Shadows:
    m_Type: 2
    m_Resolution: -1
    m_CustomResolution: -1
    m_Strength: 1
    m_Bias: 0.05
    m_NormalBias: 0.4
    m_NearPlane: 0.2
  m_Cookie: {fileID: 0}
  m_DrawHalo: 0
  m_Flare: {fileID: 0}
  m_RenderMode: 0
  m_CullingMask:
    serializedVersion: 2
    m_Bits: 4294967295
  m_Lightmapping: 4
  m_AreaSize: {x: 1, y: 1}
  m_BounceIntensity: 1
  m_ColorTemperature: 6570
  m_UseColorTemperature: 0
  m_ShadowRadius: 0
  m_ShadowAngle: 0
--- !u!4 &677966915
Transform:
  m_ObjectHideFlags: 0
  m_PrefabParentObject: {fileID: 0}
  m_PrefabInternal: {fileID: 0}
  m_GameObject: {fileID: 677966913}
  m_LocalRotation: {x: -0.40821788, y: 0.23456982, z: -0.10938169, w: -0.8754261}
  m_LocalPosition: {x: 0, y: 20, z: 0}
  m_LocalScale: {x: 1, y: 1, z: 1}
  m_Children: []
  m_Father: {fileID: 0}
  m_RootOrder: 4
  m_LocalEulerAnglesHint: {x: 50, y: 330, z: 0}
--- !u!1001 &1486433562
Prefab:
  m_ObjectHideFlags: 0
  serializedVersion: 2
  m_Modification:
    m_TransformParent: {fileID: 0}
    m_Modifications:
    - target: {fileID: 4071829592223504, guid: 8928ec746ee5ee042be6e05cac6edf0a, type: 2}
      propertyPath: m_LocalPosition.x
      value: 0
      objectReference: {fileID: 0}
    - target: {fileID: 4071829592223504, guid: 8928ec746ee5ee042be6e05cac6edf0a, type: 2}
      propertyPath: m_LocalPosition.y
      value: 0
      objectReference: {fileID: 0}
    - target: {fileID: 4071829592223504, guid: 8928ec746ee5ee042be6e05cac6edf0a, type: 2}
      propertyPath: m_LocalPosition.z
      value: -20
      objectReference: {fileID: 0}
    - target: {fileID: 4071829592223504, guid: 8928ec746ee5ee042be6e05cac6edf0a, type: 2}
      propertyPath: m_LocalRotation.x
      value: 0
      objectReference: {fileID: 0}
    - target: {fileID: 4071829592223504, guid: 8928ec746ee5ee042be6e05cac6edf0a, type: 2}
      propertyPath: m_LocalRotation.y
      value: 0
      objectReference: {fileID: 0}
    - target: {fileID: 4071829592223504, guid: 8928ec746ee5ee042be6e05cac6edf0a, type: 2}
      propertyPath: m_LocalRotation.z
      value: 0
      objectReference: {fileID: 0}
    - target: {fileID: 4071829592223504, guid: 8928ec746ee5ee042be6e05cac6edf0a, type: 2}
      propertyPath: m_LocalRotation.w
      value: 1
      objectReference: {fileID: 0}
    - target: {fileID: 4071829592223504, guid: 8928ec746ee5ee042be6e05cac6edf0a, type: 2}
      propertyPath: m_RootOrder
      value: 1
      objectReference: {fileID: 0}
    m_RemovedComponents: []
  m_ParentPrefab: {fileID: 100100000, guid: 8928ec746ee5ee042be6e05cac6edf0a, type: 2}
  m_IsPrefabParent: 0
--- !u!1001 &1924672645
Prefab:
  m_ObjectHideFlags: 0
  serializedVersion: 2
  m_Modification:
    m_TransformParent: {fileID: 0}
    m_Modifications:
    - target: {fileID: 4819059255569854, guid: 09b3ccc59cb60ac449eb5814ba0beecc, type: 2}
      propertyPath: m_LocalPosition.x
      value: 0
      objectReference: {fileID: 0}
    - target: {fileID: 4819059255569854, guid: 09b3ccc59cb60ac449eb5814ba0beecc, type: 2}
      propertyPath: m_LocalPosition.y
      value: 0
      objectReference: {fileID: 0}
    - target: {fileID: 4819059255569854, guid: 09b3ccc59cb60ac449eb5814ba0beecc, type: 2}
      propertyPath: m_LocalPosition.z
      value: 0
      objectReference: {fileID: 0}
    - target: {fileID: 4819059255569854, guid: 09b3ccc59cb60ac449eb5814ba0beecc, type: 2}
      propertyPath: m_LocalRotation.x
      value: 0
      objectReference: {fileID: 0}
    - target: {fileID: 4819059255569854, guid: 09b3ccc59cb60ac449eb5814ba0beecc, type: 2}
      propertyPath: m_LocalRotation.y
      value: 0
      objectReference: {fileID: 0}
    - target: {fileID: 4819059255569854, guid: 09b3ccc59cb60ac449eb5814ba0beecc, type: 2}
      propertyPath: m_LocalRotation.z
      value: 0
      objectReference: {fileID: 0}
    - target: {fileID: 4819059255569854, guid: 09b3ccc59cb60ac449eb5814ba0beecc, type: 2}
      propertyPath: m_LocalRotation.w
      value: 1
      objectReference: {fileID: 0}
    - target: {fileID: 4819059255569854, guid: 09b3ccc59cb60ac449eb5814ba0beecc, type: 2}
      propertyPath: m_RootOrder
      value: 0
      objectReference: {fileID: 0}
    m_RemovedComponents: []
  m_ParentPrefab: {fileID: 100100000, guid: 09b3ccc59cb60ac449eb5814ba0beecc, type: 2}
  m_IsPrefabParent: 0
