%YAML 1.1
%TAG !u! tag:unity3d.com,2011:
--- !u!1001 &100100000
Prefab:
  m_ObjectHideFlags: 1
  serializedVersion: 2
  m_Modification:
    m_TransformParent: {fileID: 0}
    m_Modifications: []
    m_RemovedComponents: []
  m_ParentPrefab: {fileID: 0}
  m_RootGameObject: {fileID: 1773267325754168}
  m_IsPrefabParent: 1
--- !u!1 &1773267325754168
GameObject:
  m_ObjectHideFlags: 0
  m_PrefabParentObject: {fileID: 0}
  m_PrefabInternal: {fileID: 100100000}
  serializedVersion: 5
  m_Component:
  - component: {fileID: 4071829592223504}
  - component: {fileID: 20506916893838706}
  - component: {fileID: 92143685713259510}
  - component: {fileID: 124576493183501252}
  - component: {fileID: 81168189203702904}
  - component: {fileID: 114544449377404408}
  - component: {fileID: 82827122114068950}
  - component: {fileID: 114301377387345800}
  m_Layer: 0
  m_Name: _MainCamera
  m_TagString: MainCamera
  m_Icon: {fileID: 0}
  m_NavMeshLayer: 0
  m_StaticEditorFlags: 0
  m_IsActive: 1
--- !u!4 &4071829592223504
Transform:
  m_ObjectHideFlags: 1
  m_PrefabParentObject: {fileID: 0}
  m_PrefabInternal: {fileID: 100100000}
  m_GameObject: {fileID: 1773267325754168}
  m_LocalRotation: {x: 0, y: 0, z: 0, w: 1}
  m_LocalPosition: {x: 0, y: 0, z: -20}
  m_LocalScale: {x: 1, y: 1, z: 1}
  m_Children: []
  m_Father: {fileID: 0}
  m_RootOrder: 0
  m_LocalEulerAnglesHint: {x: 0, y: 0, z: 0}
--- !u!20 &20506916893838706
Camera:
  m_ObjectHideFlags: 1
  m_PrefabParentObject: {fileID: 0}
  m_PrefabInternal: {fileID: 100100000}
  m_GameObject: {fileID: 1773267325754168}
  m_Enabled: 1
  serializedVersion: 2
  m_ClearFlags: 2
  m_BackGroundColor: {r: 0, g: 0, b: 0, a: 0}
  m_NormalizedViewPortRect:
    serializedVersion: 2
    x: 0
    y: 0
    width: 1
    height: 1
  near clip plane: 0.3
  far clip plane: 100
  field of view: 60
  orthographic: 1
  orthographic size: 45
  m_Depth: -1
  m_CullingMask:
    serializedVersion: 2
    m_Bits: 4294967295
  m_RenderingPath: -1
  m_TargetTexture: {fileID: 0}
  m_TargetDisplay: 0
  m_TargetEye: 3
  m_HDR: 1
  m_AllowMSAA: 1
  m_ForceIntoRT: 0
  m_OcclusionCulling: 1
  m_StereoConvergence: 10
  m_StereoSeparation: 0.022
  m_StereoMirrorMode: 0
--- !u!81 &81168189203702904
AudioListener:
  m_ObjectHideFlags: 1
  m_PrefabParentObject: {fileID: 0}
  m_PrefabInternal: {fileID: 100100000}
  m_GameObject: {fileID: 1773267325754168}
  m_Enabled: 1
--- !u!82 &82827122114068950
AudioSource:
  m_ObjectHideFlags: 1
  m_PrefabParentObject: {fileID: 0}
  m_PrefabInternal: {fileID: 100100000}
  m_GameObject: {fileID: 1773267325754168}
  m_Enabled: 1
  serializedVersion: 4
  OutputAudioMixerGroup: {fileID: 0}
  m_audioClip: {fileID: 0}
  m_PlayOnAwake: 1
  m_Volume: 1
  m_Pitch: 1
  Loop: 1
  Mute: 0
  Spatialize: 0
  SpatializePostEffects: 0
  Priority: 128
  DopplerLevel: 1
  MinDistance: 1
  MaxDistance: 500
  Pan2D: 0
  rolloffMode: 0
  BypassEffects: 0
  BypassListenerEffects: 0
  BypassReverbZones: 0
  rolloffCustomCurve:
    serializedVersion: 2
    m_Curve:
    - serializedVersion: 2
      time: 0
      value: 1
      inSlope: 0
      outSlope: 0
      tangentMode: 0
    - serializedVersion: 2
      time: 1
      value: 0
      inSlope: 0
      outSlope: 0
      tangentMode: 0
    m_PreInfinity: 2
    m_PostInfinity: 2
    m_RotationOrder: 4
  panLevelCustomCurve:
    serializedVersion: 2
    m_Curve:
    - serializedVersion: 2
      time: 0
      value: 0
      inSlope: 0
      outSlope: 0
      tangentMode: 0
    m_PreInfinity: 2
    m_PostInfinity: 2
    m_RotationOrder: 0
  spreadCustomCurve:
    serializedVersion: 2
    m_Curve:
    - serializedVersion: 2
      time: 0
      value: 0
      inSlope: 0
      outSlope: 0
      tangentMode: 0
    m_PreInfinity: 2
    m_PostInfinity: 2
    m_RotationOrder: 0
  reverbZoneMixCustomCurve:
    serializedVersion: 2
    m_Curve:
    - serializedVersion: 2
      time: 0
      value: 1
      inSlope: 0
      outSlope: 0
      tangentMode: 0
    m_PreInfinity: 2
    m_PostInfinity: 2
    m_RotationOrder: 0
--- !u!92 &92143685713259510
Behaviour:
  m_ObjectHideFlags: 1
  m_PrefabParentObject: {fileID: 0}
  m_PrefabInternal: {fileID: 100100000}
  m_GameObject: {fileID: 1773267325754168}
  m_Enabled: 1
--- !u!114 &114301377387345800
MonoBehaviour:
  m_ObjectHideFlags: 1
  m_PrefabParentObject: {fileID: 0}
  m_PrefabInternal: {fileID: 100100000}
  m_GameObject: {fileID: 1773267325754168}
  m_Enabled: 1
  m_EditorHideFlags: 0
  m_Script: {fileID: 11500000, guid: c11baf645690fb34cb34dabd9bdd3da9, type: 3}
  m_Name: 
  m_EditorClassIdentifier: 
  _wantedAspectRatio: 0.75
--- !u!114 &114544449377404408
MonoBehaviour:
  m_ObjectHideFlags: 1
  m_PrefabParentObject: {fileID: 0}
  m_PrefabInternal: {fileID: 100100000}
  m_GameObject: {fileID: 1773267325754168}
  m_Enabled: 1
  m_EditorHideFlags: 0
  m_Script: {fileID: 11500000, guid: 9e99caed68d1ba24e89df96cead96fbf, type: 3}
  m_Name: 
  m_EditorClassIdentifier: 
  gameMode: 0
  nextScene: 
  prefabEnemies:
  - {fileID: 1473926864567162, guid: b14bd7219047dd942ab23e1c15e88279, type: 2}
  - {fileID: 1789666886104318, guid: a863091cd492e2b43be66dc51172450a, type: 2}
  - {fileID: 1016077476113522, guid: 11c7e8bfcf1e1a54b8862aee39ca2329, type: 2}
  - {fileID: 1792483655701170, guid: c4756b60015cdac4182bd0f8617fd66e, type: 2}
  - {fileID: 1860140680451564, guid: c90152ce6dd53b04fa931272ba4a42e4, type: 2}
  enemySpawnPerSecond: 0.5
  enemySpawnPadding: 1.5
  weaponDefinitions:
  - type: 1
    Name: EXTRA GUN
    letter: G+
    color: {r: 1, g: 0, b: 0, a: 1}
    projectilePrefab: {fileID: 1317528218191398, guid: c991c9f420ed81943a33fa8b345569d9,
      type: 2}
    projectileColor: {r: 1, g: 0, b: 0, a: 1}
    damageOnHit: 0
    continuousDamage: 0
    delayBetweenShots: 0.2
    velocity: 0
  - type: 2
    Name: BLASTER
    letter: B
    color: {r: 0, g: 1, b: 1, a: 1}
    projectilePrefab: {fileID: 1317528218191398, guid: c991c9f420ed81943a33fa8b345569d9,
      type: 2}
    projectileColor: {r: 0, g: 1, b: 1, a: 1}
    damageOnHit: 2
    continuousDamage: 0
    delayBetweenShots: 0.2
    velocity: 50
  - type: 3
    Name: SPREAD
    letter: S
    color: {r: 1, g: 0, b: 0.5568628, a: 1}
    projectilePrefab: {fileID: 1317528218191398, guid: c991c9f420ed81943a33fa8b345569d9,
      type: 2}
    projectileColor: {r: 1, g: 0, b: 0.5568628, a: 1}
    damageOnHit: 1.2
    continuousDamage: 0
    delayBetweenShots: 0.3
    velocity: 50
  - type: 4
    Name: HP+
    letter: HP
    color: {r: 0.37647063, g: 1, b: 0.32156864, a: 1}
    projectilePrefab: {fileID: 1317528218191398, guid: c991c9f420ed81943a33fa8b345569d9,
      type: 2}
    projectileColor: {r: 0.37647063, g: 1, b: 0.32156864, a: 1}
    damageOnHit: 0
    continuousDamage: 0
    delayBetweenShots: 0
    velocity: 0
  prefabPowerUp: {fileID: 1168616413218884, guid: 8688aa9f8ff806443b45bed4331e8e2f,
    type: 2}
  powerUpFrequency: 0200000002000000020000000300000003000000030000000400000004000000040000000100000001000000
  activeWeaponTypes: 01000000020000000300000004000000
  enemySpawnRate: 0
  soundInstancePrefab: {fileID: 1083643825691230, guid: 8342a4689d899ab48a76ef2a9cce40d1,
    type: 2}
--- !u!124 &124576493183501252
Behaviour:
  m_ObjectHideFlags: 1
  m_PrefabParentObject: {fileID: 0}
  m_PrefabInternal: {fileID: 100100000}
  m_GameObject: {fileID: 1773267325754168}
  m_Enabled: 1
